@misc{yfinance,
  author       = {Ran Aroussi},
  title        = {yfinance: Yahoo! Finance market data downloader},
  year         = {2019},
  url          = {https://github.com/ranaroussi/yfinance},
  note         = {Accessed: 2025-05-02}
}

@techreport{bcbs_irb_2005,
  author      = {{Basel Committee on Banking Supervision}},
  title       = {An Explanatory Note on the Basel II IRB Risk Weight Functions},
  institution = {Bank for International Settlements},
  year        = {2005},
  month       = jul,
  type        = {BCBS Publications},
  number      = {BCBS 118},
  url         = {https://www.bis.org/bcbs/irbriskweight.pdf},
  note        = {Accessed: 2025-05-02}
}

@techreport{moodys_ultimate_recovery_database,
  author      = {{Moody's Investors Service}},
  title       = {Moody's Ultimate Recovery Database},
  institution = {Moody's Investors Service},
  year        = {2007},
  type        = {Special Comment},
  url         = {https://www.moodys.com/sites/products/defaultresearch/2006600000428092.pdf},
  note        = {Accessed: 2025-05-02}
}

@techreport{spglobal_loan_recoveries_2023,
  author      = {{S\&P Global Ratings}},
  title       = {Default, Transition, and Recovery: U.S. Recovery Study: Loan Recoveries Persist Below Their Trend},
  institution = {S\&P Global Ratings},
  year        = {2023},
  month       = dec,
  url         = {https://www.spglobal.com/ratings/en/research/articles/231215-default-transition-and-recovery-u-s-recovery-study-loan-recoveries-persist-below-their-trend-12947167},
  note        = {Accessed: 2025-05-02}
}

@book{hull_derivatives_2022,
  author    = {John C. Hull},
  title     = {Options, Futures, and Other Derivatives},
  edition   = {11th},
  publisher = {Pearson},
  year      = {2022},
  chapter   = {23.4},
  note      = {Valuation of Credit Default Swaps},
  isbn      = {9780136670170}
}